[
	{
		"pcoId":"Actn01",
		"revenueAndEbitda":[
		  {
			"date": "2022-09-30",
			"revenue": 696860.139202917,
			"ebitda": -1169564.553265838
		  },
		  {
			"date": "2022-08-31",
			"revenue": 696860.139202917,
			"ebitda": -1169564.553265838
		  },
		  {
			"date": "2022-07-31",
			"revenue": 696860.139202917,
			"ebitda": -1169564.553265838
		  },
		  {
			"date": "2022-06-30",
			"revenue": 891913.242851322,
			"ebitda": -793889.9735911889
		  },
		  {
			"date": "2022-05-31",
			"revenue": 891913.242851322,
			"ebitda": -793889.9735911889
		  },
		  {
			"date": "2022-04-30",
			"revenue": 891913.242851322,
			"ebitda": -793889.9735911889
		  },
		  {
			"date": "2022-03-31",
			"revenue": 605414.8274930186,
			"ebitda": -626963.336636339
		  },
		  {
			"date": "2022-02-28",
			"revenue": 605414.8274930186,
			"ebitda": -626963.336636339
		  },
		  {
			"date": "2022-01-31",
			"revenue": 605414.8274930186,
			"ebitda": -626963.336636339
		  },
		  {
			"date": "2021-12-31",
			"revenue": 655956.6173467931,
			"ebitda": -561502.5645826791
		  },
		  {
			"date": "2021-11-30",
			"revenue": 655956.6173467931,
			"ebitda": -561502.5645826791
		  },
		  {
			"date": "2021-10-31",
			"revenue": 655956.6173467931,
			"ebitda": -561502.5645826791
		  }
		]
	},
	{
		"pcoId":"Acum01",
		"revenueAndEbitda":[]
	},
	{
		"pcoId":"Adva01",
		"revenueAndEbitda":[]
	},
	{
		"pcoId":"Agan01",
		"revenueAndEbitda":[
		  {
			"date": "2022-09-30",
			"revenue": 70263,
			"ebitda": -31479
		  },
		  {
			"date": "2022-08-31",
			"revenue": 136519,
			"ebitda": 47319
		  },
		  {
			"date": "2022-07-31",
			"revenue": 40701,
			"ebitda": -60384
		  },
		  {
			"date": "2022-06-30",
			"revenue": 138393,
			"ebitda": 28510
		  },
		  {
			"date": "2022-05-31",
			"revenue": 131510,
			"ebitda": 37933
		  },
		  {
			"date": "2022-04-30",
			"revenue": 81736,
			"ebitda": -1074
		  },
		  {
			"date": "2022-03-31",
			"revenue": 136035,
			"ebitda": 29737
		  },
		  {
			"date": "2022-02-28",
			"revenue": 116751,
			"ebitda": 26741
		  },
		  {
			"date": "2022-01-31",
			"revenue": 149185,
			"ebitda": 60331
		  },
		  {
			"date": "2021-12-31",
			"revenue": 102560.9166666667,
			"ebitda": 21927.66666666667
		  },
		  {
			"date": "2021-11-30",
			"revenue": 102560.9166666667,
			"ebitda": 21927.66666666667
		  },
		  {
			"date": "2021-10-31",
			"revenue": 102560.9166666667,
			"ebitda": 21927.66666666667
		  }
		]
	},
	{
		"pcoId":"Agra01",
		"revenueAndEbitda":[]
	},
	{
		"pcoId":"Alph01",
		"revenueAndEbitda":[
		  {
			"date": "2022-12-31",
			"revenue": -124.631464353939,
			"ebitda": -68019.4121602492
		  },
		  {
			"date": "2022-11-30",
			"revenue": -202.1043269729553,
			"ebitda": -967233.073359185
		  },
		  {
			"date": "2022-10-31",
			"revenue": -77.29584810991219,
			"ebitda": 765314.9494350635
		  },
		  {
			"date": "2022-09-30",
			"revenue": 116.3315551908081,
			"ebitda": -193367.4620434961
		  },
		  {
			"date": "2022-08-31",
			"revenue": 102.4626209322787,
			"ebitda": -114956.2156747778
		  },
		  {
			"date": "2022-07-31",
			"revenue": 65.19887901958373,
			"ebitda": -119285.311715229
		  },
		  {
			"date": "2022-06-30",
			"revenue": 131.8344395608792,
			"ebitda": -195817.4434864984
		  },
		  {
			"date": "2022-05-31",
			"revenue": -75.43664646827165,
			"ebitda": -70213.23930973583
		  },
		  {
			"date": "2022-04-30",
			"revenue": 222.2518500957881,
			"ebitda": -123716.8119739248
		  },
		  {
			"date": "2022-03-31",
			"revenue": 4053.688856859742,
			"ebitda": -222213.1713392538
		  },
		  {
			"date": "2022-02-28",
			"revenue": 0,
			"ebitda": -53875.07971678695
		  },
		  {
			"date": "2022-01-31",
			"revenue": 0,
			"ebitda": -103557.7267837935
		  }
		]
	},
	{
		"pcoId":"Aqua01",
		"revenueAndEbitda":[]
	},
	{
		"pcoId":"Arxx01",
		"revenueAndEbitda":[]
	},
	{
		"pcoId":"Azzu01",
		"revenueAndEbitda":[]
	},
	{
		"pcoId":"Biop01",
		"revenueAndEbitda":[]
	},
	{
		"pcoId":"CDTI01",
		"revenueAndEbitda":[]
	},
	{
		"pcoId":"Cell01",
		"revenueAndEbitda":[]
	},
	{
		"pcoId":"Deep01",
		"revenueAndEbitda":[
		  {
			"date": "2022-11-30",
			"revenue": 98538,
			"ebitda": -145592
		  },
		  {
			"date": "2022-10-31",
			"revenue": 106500,
			"ebitda": -222394
		  },
		  {
			"date": "2022-09-30",
			"revenue": 115413,
			"ebitda": 371874
		  },
		  {
			"date": "2022-08-31",
			"revenue": 246055,
			"ebitda": 371874
		  },
		  {
			"date": "2022-07-31",
			"revenue": 96191.5,
			"ebitda": -312948.2857142857
		  },
		  {
			"date": "2022-06-30",
			"revenue": 96191.5,
			"ebitda": -312948.2857142857
		  },
		  {
			"date": "2022-05-31",
			"revenue": 101500,
			"ebitda": -312948.2857142857
		  },
		  {
			"date": "2022-04-30",
			"revenue": 98233,
			"ebitda": -312948.2857142857
		  },
		  {
			"date": "2022-03-31",
			"revenue": 106848,
			"ebitda": -312948.2857142857
		  },
		  {
			"date": "2022-02-28",
			"revenue": 90525,
			"ebitda": -312948.2857142857
		  },
		  {
			"date": "2022-01-31",
			"revenue": 112500,
			"ebitda": -312948.2857142857
		  },
		  {
			"date": "2021-12-31",
			"revenue": 74509.91666666667,
			"ebitda": -101019.75
		  }
		]
	},
	{
		"pcoId":"Eden01",
		"revenueAndEbitda":[]
	},
	{
		"pcoId":"Elco01",
		"revenueAndEbitda":[]
	},
	{
		"pcoId":"Emer03",
		"revenueAndEbitda":[]
	},
	{
		"pcoId":"Engi01",
		"revenueAndEbitda":[]
	},
	{
		"pcoId":"Enoc01",
		"revenueAndEbitda":[
		  {
			"date": "2022-09-30",
			"revenue": 21819795,
			"ebitda": -30613
		  },
		  {
			"date": "2022-08-31",
			"revenue": -17671963,
			"ebitda": -73834
		  },
		  {
			"date": "2022-07-31",
			"revenue": 1454511,
			"ebitda": -89742
		  },
		  {
			"date": "2022-06-30",
			"revenue": 2015787,
			"ebitda": 96789
		  },
		  {
			"date": "2022-05-31",
			"revenue": 2083539,
			"ebitda": 173724
		  },
		  {
			"date": "2022-04-30",
			"revenue": 1819336,
			"ebitda": 161011
		  },
		  {
			"date": "2022-03-31",
			"revenue": 2204000,
			"ebitda": 330425
		  },
		  {
			"date": "2022-02-28",
			"revenue": 1731000,
			"ebitda": 146759
		  },
		  {
			"date": "2022-01-31",
			"revenue": 1834000,
			"ebitda": 178028
		  },
		  {
			"date": "2021-12-31",
			"revenue": 1480000,
			"ebitda": 38000
		  },
		  {
			"date": "2021-11-30",
			"revenue": 1868000,
			"ebitda": 169000
		  },
		  {
			"date": "2021-10-31",
			"revenue": 1271000,
			"ebitda": -301000
		  }
		]
	},
	{
		"pcoId":"Ensp01",
		"revenueAndEbitda":[
		  {
			"date": "2022-09-30",
			"revenue": 355289,
			"ebitda": -271067
		  },
		  {
			"date": "2022-08-31",
			"revenue": 376907,
			"ebitda": -145387
		  },
		  {
			"date": "2022-07-31",
			"revenue": 300349,
			"ebitda": -205225
		  },
		  {
			"date": "2022-06-30",
			"revenue": 102488,
			"ebitda": -461572
		  },
		  {
			"date": "2022-05-31",
			"revenue": 140859,
			"ebitda": -443166
		  },
		  {
			"date": "2022-04-30",
			"revenue": 103188,
			"ebitda": -347864
		  },
		  {
			"date": "2022-03-31",
			"revenue": 172537,
			"ebitda": -327066
		  },
		  {
			"date": "2022-02-28",
			"revenue": 142790,
			"ebitda": 87817
		  },
		  {
			"date": "2022-01-31",
			"revenue": 176576,
			"ebitda": -561029
		  },
		  {
			"date": "2021-12-31",
			"revenue": 124759.6666666667,
			"ebitda": -60848.08333333334
		  },
		  {
			"date": "2021-11-30",
			"revenue": 124759.6666666667,
			"ebitda": -60848.08333333334
		  },
		  {
			"date": "2021-10-31",
			"revenue": 124759.6666666667,
			"ebitda": -60848.08333333334
		  }
		]
	},
	{
		"pcoId":"Ever01",
		"revenueAndEbitda":[]
	},
	{
		"pcoId":"Fido01",
		"revenueAndEbitda":[
		  {
			"date": "2022-09-30",
			"revenue": 147228.9116843268,
			"ebitda": -277509.1496316815
		  },
		  {
			"date": "2022-08-31",
			"revenue": 212640.1694317974,
			"ebitda": -304786.1348586314
		  },
		  {
			"date": "2022-07-31",
			"revenue": 212640.1694317974,
			"ebitda": -304786.1348586314
		  },
		  {
			"date": "2022-06-30",
			"revenue": 212640.1694317974,
			"ebitda": -304786.1348586314
		  },
		  {
			"date": "2022-05-31",
			"revenue": 468019.0628218723,
			"ebitda": 131751.1466724929
		  },
		  {
			"date": "2022-04-30",
			"revenue": 216955.7308506003,
			"ebitda": -114919.4350851107
		  },
		  {
			"date": "2022-03-31",
			"revenue": 201822.9368934227,
			"ebitda": -207669.5710957645
		  },
		  {
			"date": "2022-02-28",
			"revenue": 311050.3685523049,
			"ebitda": 6314.703970919101
		  },
		  {
			"date": "2022-01-31",
			"revenue": 358795.2328839609,
			"ebitda": 127472.2499488894
		  },
		  {
			"date": "2021-12-31",
			"revenue": 160156.1384300471,
			"ebitda": 48225.29394963584
		  },
		  {
			"date": "2021-11-30",
			"revenue": 160156.1384300471,
			"ebitda": 48225.29394963584
		  },
		  {
			"date": "2021-10-31",
			"revenue": 160156.1384300471,
			"ebitda": 48225.29394963584
		  }
		]
	},
	{
		"pcoId":"Flux01",
		"revenueAndEbitda":[]
	},
	{
		"pcoId":"Futu01",
		"revenueAndEbitda":[
		  {
			"date": "2022-10-31",
			"revenue": null,
			"ebitda": null
		  },
		  {
			"date": "2022-09-30",
			"revenue": null,
			"ebitda": null
		  },
		  {
			"date": "2022-08-31",
			"revenue": null,
			"ebitda": null
		  },
		  {
			"date": "2022-07-31",
			"revenue": null,
			"ebitda": null
		  },
		  {
			"date": "2022-06-30",
			"revenue": null,
			"ebitda": null
		  },
		  {
			"date": "2022-05-31",
			"revenue": null,
			"ebitda": null
		  },
		  {
			"date": "2022-04-30",
			"revenue": null,
			"ebitda": null
		  },
		  {
			"date": "2022-03-31",
			"revenue": 0,
			"ebitda": -1937062.727081644
		  },
		  {
			"date": "2022-02-28",
			"revenue": 0,
			"ebitda": -1937062.727081644
		  },
		  {
			"date": "2022-01-31",
			"revenue": 0,
			"ebitda": -1937062.727081644
		  },
		  {
			"date": "2021-12-31",
			"revenue": 0,
			"ebitda": -1372348.311466209
		  },
		  {
			"date": "2021-11-30",
			"revenue": 0,
			"ebitda": -1372348.311466209
		  }
		]
	},
	{
		"pcoId":"GeoD01",
		"revenueAndEbitda":[
		  {
			"date": "2022-11-30",
			"revenue": 1639972.119907375,
			"ebitda": 8181.604862729233
		  },
		  {
			"date": "2022-10-31",
			"revenue": 4064920.933694113,
			"ebitda": -438689.4309941161
		  },
		  {
			"date": "2022-09-30",
			"revenue": 4880019.044316784,
			"ebitda": 848421.2100943783
		  },
		  {
			"date": "2022-08-31",
			"revenue": 4197050.219974592,
			"ebitda": 625086.4848040652
		  },
		  {
			"date": "2022-07-31",
			"revenue": 4221231.019940686,
			"ebitda": 561605.9057803191
		  },
		  {
			"date": "2022-06-30",
			"revenue": 3372617.617640961,
			"ebitda": -235561.1071903769
		  },
		  {
			"date": "2022-05-31",
			"revenue": 2163675.945560446,
			"ebitda": -95895.44416937814
		  },
		  {
			"date": "2022-04-30",
			"revenue": 3056885.416413087,
			"ebitda": -368120.6781580588
		  },
		  {
			"date": "2022-03-31",
			"revenue": 3269886.615276907,
			"ebitda": -255430.0555214325
		  },
		  {
			"date": "2022-02-28",
			"revenue": 1196674.474981776,
			"ebitda": -192319.6458821764
		  },
		  {
			"date": "2022-01-31",
			"revenue": 1115175.690211545,
			"ebitda": -287262.4596629617
		  },
		  {
			"date": "2021-12-31",
			"revenue": 1857317.005733252,
			"ebitda": -933028.267997276
		  }
		]
	},
	{
		"pcoId":"Hydr01",
		"revenueAndEbitda":[
		  {
			"date": "2022-11-30",
			"revenue": 1932290.393711822,
			"ebitda": -418081.9359897166
		  },
		  {
			"date": "2022-10-31",
			"revenue": 1932290.393711822,
			"ebitda": -418081.9359897166
		  },
		  {
			"date": "2022-09-30",
			"revenue": 3685081.983586378,
			"ebitda": -563627.7648748457
		  },
		  {
			"date": "2022-08-31",
			"revenue": 2906452.384833384,
			"ebitda": -628503.6678393437
		  },
		  {
			"date": "2022-07-31",
			"revenue": 2714901.452270687,
			"ebitda": -769965.0514251213
		  },
		  {
			"date": "2022-06-30",
			"revenue": 3809185.647074029,
			"ebitda": -146590.2290226626
		  },
		  {
			"date": "2022-05-31",
			"revenue": 2264093.270667967,
			"ebitda": -449594.1231685928
		  },
		  {
			"date": "2022-04-30",
			"revenue": 2565925.450540836,
			"ebitda": -1078150.973315021
		  },
		  {
			"date": "2022-03-31",
			"revenue": 3564210.145537287,
			"ebitda": -186717.7517289456
		  },
		  {
			"date": "2022-02-28",
			"revenue": 1788986.823690368,
			"ebitda": -857604.4813776881
		  },
		  {
			"date": "2022-01-31",
			"revenue": 1891082.825385443,
			"ebitda": -649474.7221226246
		  },
		  {
			"date": "2021-12-31",
			"revenue": 3481654.188138686,
			"ebitda": 115889.06019175
		  }
		]
	},
	{
		"pcoId":"Iden01",
		"revenueAndEbitda":[]
	},
	{
		"pcoId":"Imag01",
		"revenueAndEbitda":[
		  {
			"date": "2022-09-30",
			"revenue": 0,
			"ebitda": -437236.1976609835
		  },
		  {
			"date": "2022-08-31",
			"revenue": 0,
			"ebitda": -437236.1976609835
		  },
		  {
			"date": "2022-07-31",
			"revenue": 0,
			"ebitda": -437236.1976609835
		  },
		  {
			"date": "2022-06-30",
			"revenue": 0,
			"ebitda": -316787.8807357904
		  },
		  {
			"date": "2022-05-31",
			"revenue": 0,
			"ebitda": -316787.8807357904
		  },
		  {
			"date": "2022-04-30",
			"revenue": 0,
			"ebitda": -316787.8807357904
		  },
		  {
			"date": "2022-03-31",
			"revenue": 0,
			"ebitda": -251707.3536918596
		  },
		  {
			"date": "2022-02-28",
			"revenue": 0,
			"ebitda": -251707.3536918596
		  },
		  {
			"date": "2022-01-31",
			"revenue": 0,
			"ebitda": -251707.3536918596
		  },
		  {
			"date": "2021-11-30",
			"revenue": 0,
			"ebitda": -75229.73286504044
		  },
		  {
			"date": "2021-10-31",
			"revenue": 0,
			"ebitda": -75229.73286504044
		  },
		  {
			"date": "2021-09-30",
			"revenue": 0,
			"ebitda": -75229.73286504044
		  }
		]
	},
	{
		"pcoId":"Inge01",
		"revenueAndEbitda":[]
	},
	{
		"pcoId":"Ioma01",
		"revenueAndEbitda":[]
	},
	{
		"pcoId":"Libr01",
		"revenueAndEbitda":[
		  {
			"date": "2022-09-30",
			"revenue": 662854.8447989421,
			"ebitda": -359526.1222660868
		  },
		  {
			"date": "2022-08-31",
			"revenue": 843074.327309384,
			"ebitda": -593485.4945509741
		  },
		  {
			"date": "2022-07-31",
			"revenue": 1009444.087537518,
			"ebitda": -781589.2878932105
		  },
		  {
			"date": "2022-06-30",
			"revenue": 1251600.001756143,
			"ebitda": -6702489.977514512
		  },
		  {
			"date": "2022-05-31",
			"revenue": 1417298.572756473,
			"ebitda": 5127437.686022941
		  },
		  {
			"date": "2022-04-30",
			"revenue": 847432.1533923303,
			"ebitda": -510994.4690265486
		  },
		  {
			"date": "2022-03-31",
			"revenue": 847432.1533923303,
			"ebitda": -510994.4690265486
		  },
		  {
			"date": "2022-02-28",
			"revenue": 847432.1533923303,
			"ebitda": -510994.4690265486
		  },
		  {
			"date": "2022-01-31",
			"revenue": 847432.1533923303,
			"ebitda": -510994.4690265486
		  },
		  {
			"date": "2021-12-31",
			"revenue": 919282.5137455001,
			"ebitda": null
		  },
		  {
			"date": "2021-11-30",
			"revenue": 919282.5137455001,
			"ebitda": null
		  },
		  {
			"date": "2021-10-31",
			"revenue": 919282.5137455001,
			"ebitda": null
		  }
		]
	},
	{
		"pcoId":"Luci01",
		"revenueAndEbitda":[]
	},
	{
		"pcoId":"Meea01",
		"revenueAndEbitda":[
		  {
			"date": "2022-10-31",
			"revenue": 521878,
			"ebitda": -323215
		  },
		  {
			"date": "2022-09-30",
			"revenue": 630163,
			"ebitda": -52931
		  },
		  {
			"date": "2022-08-31",
			"revenue": 584820,
			"ebitda": -755460
		  },
		  {
			"date": "2022-07-31",
			"revenue": 784644,
			"ebitda": 71259
		  },
		  {
			"date": "2022-06-30",
			"revenue": 706000,
			"ebitda": -294000
		  },
		  {
			"date": "2022-05-31",
			"revenue": 479000,
			"ebitda": -344000
		  },
		  {
			"date": "2022-04-30",
			"revenue": 521000,
			"ebitda": -164000
		  },
		  {
			"date": "2022-03-31",
			"revenue": 503000,
			"ebitda": -106000
		  },
		  {
			"date": "2022-02-28",
			"revenue": 512000,
			"ebitda": -216000
		  },
		  {
			"date": "2022-01-31",
			"revenue": 472000,
			"ebitda": -94000
		  },
		  {
			"date": "2021-12-31",
			"revenue": 626102,
			"ebitda": -8115
		  },
		  {
			"date": "2021-11-30",
			"revenue": 544806,
			"ebitda": -94317
		  }
		]
	},
	{
		"pcoId":"MetG01",
		"revenueAndEbitda":[
		  {
			"date": "2022-11-30",
			"revenue": 9246000,
			"ebitda": -29000
		  },
		  {
			"date": "2022-10-31",
			"revenue": 40000,
			"ebitda": -165000
		  },
		  {
			"date": "2022-09-30",
			"revenue": 191000,
			"ebitda": -11000
		  },
		  {
			"date": "2022-08-31",
			"revenue": 38000,
			"ebitda": -142000
		  },
		  {
			"date": "2022-07-31",
			"revenue": 0,
			"ebitda": -129000
		  },
		  {
			"date": "2022-06-30",
			"revenue": 247000,
			"ebitda": 48000
		  },
		  {
			"date": "2022-05-31",
			"revenue": 128000,
			"ebitda": -33000
		  },
		  {
			"date": "2022-04-30",
			"revenue": 94000,
			"ebitda": -76000
		  },
		  {
			"date": "2022-03-31",
			"revenue": 92000,
			"ebitda": -50000
		  },
		  {
			"date": "2022-02-28",
			"revenue": 31000,
			"ebitda": -123000
		  },
		  {
			"date": "2022-01-31",
			"revenue": 6000,
			"ebitda": -128000
		  },
		  {
			"date": "2021-12-31",
			"revenue": 37000,
			"ebitda": -86750
		  }
		]
	},
	{
		"pcoId":"O-fl01",
		"revenueAndEbitda":[]
	},
	{
		"pcoId":"Ocea01",
		"revenueAndEbitda":[]
	},
	{
		"pcoId":"Open01",
		"revenueAndEbitda":[
		  {
			"date": "2022-11-30",
			"revenue": 1925175.276278592,
			"ebitda": 784539.45001285
		  },
		  {
			"date": "2022-10-31",
			"revenue": 1925175.276278592,
			"ebitda": 784539.45001285
		  },
		  {
			"date": "2022-09-30",
			"revenue": 1925175.276278592,
			"ebitda": 784539.45001285
		  },
		  {
			"date": "2022-08-31",
			"revenue": 1132236.587510996,
			"ebitda": 167089.1234242159
		  },
		  {
			"date": "2022-07-31",
			"revenue": 1349770.055408037,
			"ebitda": 527374.8218920447
		  },
		  {
			"date": "2022-06-30",
			"revenue": 2524555.19783519,
			"ebitda": 490143.8209490244
		  },
		  {
			"date": "2022-05-31",
			"revenue": 716448.0414198553,
			"ebitda": 20166.46406538761
		  },
		  {
			"date": "2022-04-30",
			"revenue": 1375960.390774305,
			"ebitda": 71356.83894236584
		  },
		  {
			"date": "2022-03-31",
			"revenue": 803791.6700822441,
			"ebitda": 55681.503278082
		  },
		  {
			"date": "2022-02-28",
			"revenue": 709013.2452088848,
			"ebitda": 231385.3478504571
		  },
		  {
			"date": "2022-01-31",
			"revenue": 1157224.811760488,
			"ebitda": 667802.0795984224
		  },
		  {
			"date": "2021-12-31",
			"revenue": 499520.1221644543,
			"ebitda": -487227.7156191059
		  }
		]
	},
	{
		"pcoId":"Opti01",
		"revenueAndEbitda":[]
	},
	{
		"pcoId":"Orme01",
		"revenueAndEbitda":[]
	},
	{
		"pcoId":"Oxfo01",
		"revenueAndEbitda":[]
	},
	{
		"pcoId":"P9701",
		"revenueAndEbitda":[
		  {
			"date": "2022-11-30",
			"revenue": 1261258.94916793,
			"ebitda": -346485.8130733874
		  },
		  {
			"date": "2022-10-31",
			"revenue": 1825061.416569863,
			"ebitda": -857823.3404322723
		  },
		  {
			"date": "2022-09-30",
			"revenue": 2482162.205580633,
			"ebitda": -822784.5720147723
		  },
		  {
			"date": "2022-08-31",
			"revenue": 2211368.205316136,
			"ebitda": -1150412.555653279
		  },
		  {
			"date": "2022-07-31",
			"revenue": 2082144.594818648,
			"ebitda": -901594.356640935
		  },
		  {
			"date": "2022-06-30",
			"revenue": 2182914.348656404,
			"ebitda": -924223.2381771761
		  },
		  {
			"date": "2022-05-31",
			"revenue": 2063839.2575182,
			"ebitda": -419110.3185517956
		  },
		  {
			"date": "2022-04-30",
			"revenue": 2200998.746829969,
			"ebitda": -616076.714473797
		  },
		  {
			"date": "2022-03-31",
			"revenue": 1334270.61210754,
			"ebitda": -1028310.653452745
		  },
		  {
			"date": "2022-02-28",
			"revenue": 1157517.976237506,
			"ebitda": -997441.724183295
		  },
		  {
			"date": "2022-01-31",
			"revenue": 1249911.258515597,
			"ebitda": -855584.4388669775
		  },
		  {
			"date": "2021-12-31",
			"revenue": 1430565.192420686,
			"ebitda": -2473001.603653994
		  }
		]
	},
	{
		"pcoId":"Pela01",
		"revenueAndEbitda":[]
	},
	{
		"pcoId":"Peme01",
		"revenueAndEbitda":[]
	},
	{
		"pcoId":"Phas01",
		"revenueAndEbitda":[
		  {
			"date": "2022-09-30",
			"revenue": 958161.6741895769,
			"ebitda": -508375.0512925729
		  },
		  {
			"date": "2022-08-31",
			"revenue": 1066758.526336364,
			"ebitda": -606450.6987198282
		  },
		  {
			"date": "2022-07-31",
			"revenue": 871574.004712062,
			"ebitda": -275188.8507169678
		  },
		  {
			"date": "2022-06-30",
			"revenue": 966223.7808254942,
			"ebitda": -24667.12793748698
		  },
		  {
			"date": "2022-05-31",
			"revenue": 966223.7808254942,
			"ebitda": -24667.12793748698
		  },
		  {
			"date": "2022-04-30",
			"revenue": 966223.7808254942,
			"ebitda": -24667.12793748698
		  },
		  {
			"date": "2022-03-31",
			"revenue": 1391089.706259001,
			"ebitda": -121457.9148621815
		  },
		  {
			"date": "2022-02-28",
			"revenue": 675953.2101080454,
			"ebitda": -246450.5759442808
		  },
		  {
			"date": "2022-01-31",
			"revenue": 675953.2101080454,
			"ebitda": -246450.5759442808
		  },
		  {
			"date": "2021-12-31",
			"revenue": 1042283.197515707,
			"ebitda": 127613.6007717659
		  },
		  {
			"date": "2021-11-30",
			"revenue": 1042283.197515707,
			"ebitda": 127613.6007717659
		  },
		  {
			"date": "2021-10-31",
			"revenue": 1042283.197515707,
			"ebitda": 127613.6007717659
		  }
		]
	},
	{
		"pcoId":"Poly01",
		"revenueAndEbitda":[]
	},
	{
		"pcoId":"Powe01",
		"revenueAndEbitda":[]
	},
	{
		"pcoId":"Powe02",
		"revenueAndEbitda":[]
	},
	{
		"pcoId":"Pure01",
		"revenueAndEbitda":[]
	},
	{
		"pcoId":"RBE01",
		"revenueAndEbitda":[]
	},
	{
		"pcoId":"Rhom01",
		"revenueAndEbitda":[]
	},
	{
		"pcoId":"Schm01",
		"revenueAndEbitda":[]
	},
	{
		"pcoId":"Schm02",
		"revenueAndEbitda":[]
	},
	{
		"pcoId":"Scie01",
		"revenueAndEbitda":[]
	},
	{
		"pcoId":"SDCm01",
		"revenueAndEbitda":[]
	},
	{
		"pcoId":"Secu01",
		"revenueAndEbitda":[]
	},
	{
		"pcoId":"Sens01",
		"revenueAndEbitda":[]
	},
	{
		"pcoId":"Sewe01",
		"revenueAndEbitda":[
		  {
			"date": "2022-09-30",
			"revenue": 242769.2953305744,
			"ebitda": -389014.6479217249
		  },
		  {
			"date": "2022-08-31",
			"revenue": 242769.2953305744,
			"ebitda": -389014.6479217249
		  },
		  {
			"date": "2022-07-31",
			"revenue": 159596.1541919054,
			"ebitda": -240337.704979325
		  },
		  {
			"date": "2022-06-30",
			"revenue": 164643.7253353557,
			"ebitda": -289263.6265608956
		  },
		  {
			"date": "2022-05-31",
			"revenue": 114864.8438724848,
			"ebitda": -196661.2820600426
		  },
		  {
			"date": "2022-04-30",
			"revenue": 140418.380355542,
			"ebitda": -294209.6614646809
		  },
		  {
			"date": "2022-03-31",
			"revenue": 108434.3640202539,
			"ebitda": -210573.0631697775
		  },
		  {
			"date": "2022-02-28",
			"revenue": 113891.5687133491,
			"ebitda": -142137.5541553085
		  },
		  {
			"date": "2022-01-31",
			"revenue": 111821.4413768376,
			"ebitda": -204919.32592327
		  },
		  {
			"date": "2021-12-31",
			"revenue": 55771.3814821355,
			"ebitda": -131997.1746424157
		  },
		  {
			"date": "2021-11-30",
			"revenue": 55771.3814821355,
			"ebitda": -131997.1746424157
		  },
		  {
			"date": "2021-10-31",
			"revenue": 55771.3814821355,
			"ebitda": -131997.1746424157
		  }
		]
	},
	{
		"pcoId":"Siel01",
		"revenueAndEbitda":[]
	},
	{
		"pcoId":"Skyl01",
		"revenueAndEbitda":[]
	},
	{
		"pcoId":"Sofi01",
		"revenueAndEbitda":[
		  {
			"date": "2022-11-30",
			"revenue": 6439,
			"ebitda": null
		  },
		  {
			"date": "2022-10-31",
			"revenue": 6439,
			"ebitda": null
		  },
		  {
			"date": "2022-09-30",
			"revenue": 6439,
			"ebitda": null
		  },
		  {
			"date": "2022-08-31",
			"revenue": 18000,
			"ebitda": -13000
		  },
		  {
			"date": "2022-07-31",
			"revenue": 18000,
			"ebitda": -13000
		  },
		  {
			"date": "2022-06-30",
			"revenue": 17190.66666666667,
			"ebitda": -49537.33333333334
		  },
		  {
			"date": "2022-05-31",
			"revenue": 17190.66666666667,
			"ebitda": -49537.33333333334
		  },
		  {
			"date": "2022-04-30",
			"revenue": 17190.66666666667,
			"ebitda": -49537.33333333334
		  },
		  {
			"date": "2022-03-31",
			"revenue": 590,
			"ebitda": -95557
		  },
		  {
			"date": "2022-02-28",
			"revenue": 1419,
			"ebitda": -81915.5
		  },
		  {
			"date": "2022-01-31",
			"revenue": 1419,
			"ebitda": -81915.5
		  },
		  {
			"date": "2021-12-31",
			"revenue": 130777.5,
			"ebitda": -43928
		  }
		]
	},
	{
		"pcoId":"Spea01",
		"revenueAndEbitda":[]
	},
	{
		"pcoId":"Syna01",
		"revenueAndEbitda":[]
	},
	{
		"pcoId":"Taka01",
		"revenueAndEbitda":[
		  {
			"date": "2022-09-30",
			"revenue": 292710.0765417331,
			"ebitda": 30400.54052604106
		  },
		  {
			"date": "2022-08-31",
			"revenue": 292710.0765417331,
			"ebitda": 30400.54052604106
		  },
		  {
			"date": "2022-07-31",
			"revenue": 292710.0765417331,
			"ebitda": 30400.54052604106
		  },
		  {
			"date": "2022-06-30",
			"revenue": 255843.1282123034,
			"ebitda": 49705.78873255842
		  },
		  {
			"date": "2022-05-31",
			"revenue": 255843.1282123034,
			"ebitda": 49705.78873255842
		  },
		  {
			"date": "2022-04-30",
			"revenue": 255843.1282123034,
			"ebitda": 49705.78873255842
		  },
		  {
			"date": "2022-03-31",
			"revenue": 234513.4072005525,
			"ebitda": 22820.76689787707
		  },
		  {
			"date": "2022-02-28",
			"revenue": 234513.4072005525,
			"ebitda": 22820.76689787707
		  },
		  {
			"date": "2022-01-31",
			"revenue": 234513.4072005525,
			"ebitda": 22820.76689787707
		  },
		  {
			"date": "2021-12-31",
			"revenue": 197187.6601915787,
			"ebitda": 3246.81875432664
		  },
		  {
			"date": "2021-11-30",
			"revenue": 197187.6601915787,
			"ebitda": 3246.81875432664
		  },
		  {
			"date": "2021-10-31",
			"revenue": 197187.6601915787,
			"ebitda": 3246.81875432664
		  }
		]
	},
	{
		"pcoId":"Trop01",
		"revenueAndEbitda":[
		  {
			"date": "2022-09-30",
			"revenue": 214038.3214923313,
			"ebitda": -1178908.43503909
		  },
		  {
			"date": "2022-08-31",
			"revenue": 214038.3214923313,
			"ebitda": -1178908.43503909
		  },
		  {
			"date": "2022-07-31",
			"revenue": 214038.3214923313,
			"ebitda": -1178908.43503909
		  },
		  {
			"date": "2022-06-30",
			"revenue": 75159.17861649666,
			"ebitda": -675164.5855001603
		  },
		  {
			"date": "2022-05-31",
			"revenue": 75159.17861649666,
			"ebitda": -675164.5855001603
		  },
		  {
			"date": "2022-04-30",
			"revenue": 75159.17861649666,
			"ebitda": -675164.5855001603
		  },
		  {
			"date": "2022-03-31",
			"revenue": 95405.78973656613,
			"ebitda": 220609.8069482963
		  },
		  {
			"date": "2022-02-28",
			"revenue": 77672.33427787642,
			"ebitda": -1841913.86653357
		  },
		  {
			"date": "2022-01-31",
			"revenue": 57875.24202373937,
			"ebitda": -924676.199295275
		  },
		  {
			"date": "2021-12-31",
			"revenue": 174302.5717182996,
			"ebitda": -903776.4443780901
		  },
		  {
			"date": "2021-11-30",
			"revenue": 174302.5717182996,
			"ebitda": -903776.4443780901
		  },
		  {
			"date": "2021-10-31",
			"revenue": 174302.5717182996,
			"ebitda": -903776.4443780901
		  }
		]
	},
	{
		"pcoId":"Urge01",
		"revenueAndEbitda":[
		  {
			"date": "2022-10-31",
			"revenue": 15629725.4459753,
			"ebitda": -1077022.342908144
		  },
		  {
			"date": "2022-09-30",
			"revenue": 20752734.50964302,
			"ebitda": -4458762.002462044
		  },
		  {
			"date": "2022-08-31",
			"revenue": 19899606.56698917,
			"ebitda": -5544637.252027758
		  },
		  {
			"date": "2022-07-31",
			"revenue": 16888271.16479094,
			"ebitda": -5206103.770404127
		  },
		  {
			"date": "2022-06-30",
			"revenue": 17375299.1561131,
			"ebitda": -6215669.22679802
		  },
		  {
			"date": "2022-05-31",
			"revenue": 11534929.53551994,
			"ebitda": -7937204.72606466
		  },
		  {
			"date": "2022-04-30",
			"revenue": 14877731.60919653,
			"ebitda": 240883.5997428112
		  },
		  {
			"date": "2022-03-31",
			"revenue": 12764372.87907886,
			"ebitda": -7176300.591588169
		  },
		  {
			"date": "2022-02-28",
			"revenue": 11522120.38985323,
			"ebitda": -5517048.706936807
		  },
		  {
			"date": "2022-01-31",
			"revenue": 11715668.69845823,
			"ebitda": -4524919.325923271
		  },
		  {
			"date": "2021-12-31",
			"revenue": 11835900.98135109,
			"ebitda": -5842811.774322092
		  },
		  {
			"date": "2021-11-30",
			"revenue": 11835900.98135109,
			"ebitda": -5842811.774322092
		  }
		]
	},
	{
		"pcoId":"Ushr01",
		"revenueAndEbitda":[]
	},
	{
		"pcoId":"Vape01",
		"revenueAndEbitda":[]
	},
	{
		"pcoId":"Vise01",
		"revenueAndEbitda":[]
	},
	{
		"pcoId":"Whee01",
		"revenueAndEbitda":[]
	},
	{
		"pcoId":"Xfar01",
		"revenueAndEbitda":[
		  {
			"date": "2022-12-31",
			"revenue": 820418,
			"ebitda": 865047
		  },
		  {
			"date": "2022-11-30",
			"revenue": 218768,
			"ebitda": -629074
		  },
		  {
			"date": "2022-10-31",
			"revenue": 229853,
			"ebitda": -431411
		  },
		  {
			"date": "2022-09-30",
			"revenue": 224407,
			"ebitda": -637891
		  },
		  {
			"date": "2022-08-31",
			"revenue": 253529,
			"ebitda": -263031
		  },
		  {
			"date": "2022-07-31",
			"revenue": 217654.7142857143,
			"ebitda": -271661.2857142857
		  },
		  {
			"date": "2022-06-30",
			"revenue": 217654.7142857143,
			"ebitda": -271661.2857142857
		  },
		  {
			"date": "2022-05-31",
			"revenue": 217654.7142857143,
			"ebitda": -271661.2857142857
		  },
		  {
			"date": "2022-04-30",
			"revenue": 217654.7142857143,
			"ebitda": -271661.2857142857
		  },
		  {
			"date": "2022-03-31",
			"revenue": 217654.7142857143,
			"ebitda": -271661.2857142857
		  },
		  {
			"date": "2022-02-28",
			"revenue": 217654.7142857143,
			"ebitda": -271661.2857142857
		  },
		  {
			"date": "2022-01-31",
			"revenue": 217654.7142857143,
			"ebitda": -271661.2857142857
		  },
		  {
			"date": "2021-12-31",
			"revenue": 205056.5833333333,
			"ebitda": -42604.66666666666
		  },
		  {
			"date": "2021-11-30",
			"revenue": 205056.5833333333,
			"ebitda": -42604.66666666666
		  },
		  {
			"date": "2021-10-31",
			"revenue": 205056.5833333333,
			"ebitda": -42604.66666666666
		  }
		]
	},
	{
		"pcoId":"Xunl01",
		"revenueAndEbitda":[]
	},
	{
		"pcoId":"Zoxy01",
		"revenueAndEbitda":[]
	},
	{
		"pcoId":"3eme01",
		"revenueAndEbitda":[]
	},
	{
		"pcoId":"Anci01",
		"revenueAndEbitda":[]
	},
	{
		"pcoId":"Atmo01",
		"revenueAndEbitda":[]
	},
	{
		"pcoId":"Bnov01",
		"revenueAndEbitda":[]
	},
	{
		"pcoId":"Enma01",
		"revenueAndEbitda":[]
	},
	{
		"pcoId":"Eolo01",
		"revenueAndEbitda":[
		  {
			"date": "2022-12-31",
			"revenue": null,
			"ebitda": null
		  },
		  {
			"date": "2022-11-30",
			"revenue": null,
			"ebitda": null
		  },
		  {
			"date": "2022-10-31",
			"revenue": null,
			"ebitda": null
		  },
		  {
			"date": "2022-09-30",
			"revenue": null,
			"ebitda": null
		  },
		  {
			"date": "2022-08-31",
			"revenue": null,
			"ebitda": null
		  },
		  {
			"date": "2022-07-31",
			"revenue": null,
			"ebitda": null
		  },
		  {
			"date": "2022-06-30",
			"revenue": null,
			"ebitda": null
		  },
		  {
			"date": "2022-05-31",
			"revenue": null,
			"ebitda": null
		  },
		  {
			"date": "2022-04-30",
			"revenue": null,
			"ebitda": null
		  },
		  {
			"date": "2022-03-31",
			"revenue": null,
			"ebitda": null
		  },
		  {
			"date": "2022-02-28",
			"revenue": null,
			"ebitda": null
		  },
		  {
			"date": "2022-01-31",
			"revenue": null,
			"ebitda": null
		  },
		  {
			"date": "2021-12-31",
			"revenue": 164239.5,
			"ebitda": -68839.16666666667
		  },
		  {
			"date": "2021-11-30",
			"revenue": 164239.5,
			"ebitda": -68839.16666666667
		  },
		  {
			"date": "2021-10-31",
			"revenue": 164239.5,
			"ebitda": -68839.16666666667
		  }
		]
	},
	{
		"pcoId":"Foxr01",
		"revenueAndEbitda":[]
	},
	{
		"pcoId":"HNNG01",
		"revenueAndEbitda":[]
	},
	{
		"pcoId":"Holo01",
		"revenueAndEbitda":[]
	},
	{
		"pcoId":"HTCe01",
		"revenueAndEbitda":[]
	},
	{
		"pcoId":"Inte01",
		"revenueAndEbitda":[]
	},
	{
		"pcoId":"Nano01",
		"revenueAndEbitda":[]
	},
	{
		"pcoId":"NCAT01",
		"revenueAndEbitda":[]
	},
	{
		"pcoId":"Opra01",
		"revenueAndEbitda":[]
	},
	{
		"pcoId":"Papt01",
		"revenueAndEbitda":[]
	},
	{
		"pcoId":"Spac01",
		"revenueAndEbitda":[]
	},
	{
		"pcoId":"STM01",
		"revenueAndEbitda":[]
	},
	{
		"pcoId":"Vari01",
		"revenueAndEbitda":[]
	},
	{
		"pcoId":"VOpt01",
		"revenueAndEbitda":[]
	},
	{
		"pcoId":"EVCo01",
		"revenueAndEbitda":[]
	},
	{
		"pcoId":"VAgr01",
		"revenueAndEbitda":[]
	},
	{
		"pcoId":"VCDT01",
		"revenueAndEbitda":[]
	},
	{
		"pcoId":"VIng01",
		"revenueAndEbitda":[]
	},
	{
		"pcoId":"VO-f0",
		"revenueAndEbitda":[]
	},
	{
		"pcoId":"VPhD01",
		"revenueAndEbitda":[]
	},
	{
		"pcoId":"VPur01",
		"revenueAndEbitda":[]
	},
	{
		"pcoId":"VVis01",
		"revenueAndEbitda":[]
	}
]